@book{patterson2014cod,
  title={Computer Organization and Design: The Hardware/Software Interface},
  author={Patterson, David A. and Hennessy, John L.},
  edition={5},
  year={2014},
  publisher={Morgan Kaufmann}
}
